<?xml version="1.0" encoding="UTF-8"?><collection xmlns="http://www.loc.gov/MARC21/slim"><record><leader>00324nam--2200121-i-4500</leader><controlfield tag="001">000036425</controlfield><controlfield tag="002">20161230</controlfield><controlfield tag="005">20161230201040</controlfield><controlfield tag="008">060222s1000------------r-----000-0-eng-d</controlfield><datafield ind1=" " ind2=" " tag="100"><subfield code="a">Postnikov, I.M</subfield></datafield><datafield ind1=" " ind2=" " tag="245"><subfield code="a">Proiectarea masinilor electrice</subfield></datafield><datafield ind1=" " ind2=" " tag="260"><subfield code="a">Bucuresti, Editura Energetica De Stat, 1952, 687p. + Erata</subfield></datafield><datafield ind1=" " ind2=" " tag="852"><subfield code="a">3507</subfield></datafield></record></collection>